@InCollection{antoniotti08:subinterval,
  author =       {Marco Antoniotti},
  title =        {Sub-interval Numerical Types for Common Lisp},
  year =         {2008},
  booktitle =    {CDR - Common Lisp Document Repository},
  note =      {Available at \url{http://cdr.eurolisp.org/document/5/extra-num-types.html}},
}
